<<<<<<<
@Manual{R-base,
  title = {R: A Language and Environment for Statistical Computing},
  author = {{R Core Team}},
  organization = {R Foundation for Statistical Computing},
  address = {Vienna, Austria},
  year = {2019},
  url = {https://www.R-project.org/},
}
@Manual{R-papaja,
  author = {Frederik Aust and Marius Barth},
  title = {{papaja}: {Create} {APA} manuscripts with {R Markdown}},
  year = {2020},
  note = {R package version 0.1.0.9997},
  url = {https://github.com/crsh/papaja},
}

=======
@Manual{R-base,
  title = {R: A Language and Environment for Statistical Computing},
  author = {{R Core Team}},
  organization = {R Foundation for Statistical Computing},
  address = {Vienna, Austria},
  year = {2020},
  url = {https://www.R-project.org/},
}

@Manual{R-factorAnalysis,
  title = {factorAnalysis: Principal Components and Factor Analysis},
  author = {Rob Kabacoff},
  year = {2020},
  note = {R package version 0.1.0},
}
@Manual{R-forcats,
  title = {forcats: Tools for Working with Categorical Variables (Factors)},
  author = {Hadley Wickham},
  year = {2020},
  note = {R package version 0.5.0},
  url = {https://CRAN.R-project.org/package=forcats},
}
@Book{R-ggplot2,
  author = {Hadley Wickham},
  title = {ggplot2: Elegant Graphics for Data Analysis},
  publisher = {Springer-Verlag New York},
  year = {2016},
  isbn = {978-3-319-24277-4},
  url = {https://ggplot2.tidyverse.org},
}
@Manual{R-here,
  title = {here: A Simpler Way to Find Your Files},
  author = {Kirill Müller},
  year = {2017},
  note = {R package version 0.1},
  url = {https://CRAN.R-project.org/package=here},
}
@Manual{R-janitor,
  title = {janitor: Simple Tools for Examining and Cleaning Dirty Data},
  author = {Sam Firke},
  year = {2020},
  note = {R package version 2.0.1},
  url = {https://CRAN.R-project.org/package=janitor},
}
@Book{R-knitr,
  title = {Dynamic Documents with {R} and knitr},
  author = {Yihui Xie},
  publisher = {Chapman and Hall/CRC},
  address = {Boca Raton, Florida},
  year = {2015},
  edition = {2nd},
  note = {ISBN 978-1498716963},
  url = {https://yihui.org/knitr/},
}
@Book{R-MASS,
  title = {Modern Applied Statistics with S},
  author = {W. N. Venables and B. D. Ripley},
  publisher = {Springer},
  edition = {Fourth},
  address = {New York},
  year = {2002},
  note = {ISBN 0-387-95457-0},
  url = {http://www.stats.ox.ac.uk/pub/MASS4},
}
@Manual{R-papaja,
  author = {Frederik Aust and Marius Barth},
  title = {{papaja}: {Create} {APA} manuscripts with {R Markdown}},
  year = {2020},
  note = {R package version 0.1.0.9997},
  url = {https://github.com/crsh/papaja},
}
@Manual{R-paran,
  title = {paran: Horn's Test of Principal Components/Factors},
  author = {Alexis Dinno},
  year = {2018},
  note = {R package version 1.5.2},
  url = {https://CRAN.R-project.org/package=paran},
}
@Manual{R-psych,
  title = {psych: Procedures for Psychological, Psychometric, and Personality Research},
  author = {William Revelle},
  organization = { Northwestern University},
  address = { Evanston, Illinois},
  year = {2020},
  note = {R package version 2.0.1},
  url = {https://CRAN.R-project.org/package=psych},
}
@Manual{R-purrr,
  title = {purrr: Functional Programming Tools},
  author = {Lionel Henry and Hadley Wickham},
  year = {2020},
  note = {R package version 0.3.4},
  url = {https://CRAN.R-project.org/package=purrr},
}
@Manual{R-readr,
  title = {readr: Read Rectangular Text Data},
  author = {Hadley Wickham and Jim Hester and Romain Francois},
  year = {2018},
  note = {R package version 1.3.1},
  url = {https://CRAN.R-project.org/package=readr},
}
@Manual{R-rio,
  title = {rio: A Swiss-army knife for data file I/O},
  author = {Chung-hong Chan and Geoffrey CH Chan and Thomas J. Leeper and Jason Becker},
  year = {2018},
  note = {R package version 0.5.16},
}

@Manual{R-tidyr,
  title = {tidyr: Tidy Messy Data},
  author = {Hadley Wickham and Lionel Henry},
  year = {2020},
  note = {R package version 1.1.0},
  url = {https://CRAN.R-project.org/package=tidyr},
}
@Article{R-tidyverse,
  title = {Welcome to the {tidyverse}},
  author = {Hadley Wickham and Mara Averick and Jennifer Bryan and Winston Chang and Lucy D'Agostino McGowan and Romain François and Garrett Grolemund and Alex Hayes and Lionel Henry and Jim Hester and Max Kuhn and Thomas Lin Pedersen and Evan Miller and Stephan Milton Bache and Kirill Müller and Jeroen Ooms and David Robinson and Dana Paige Seidel and Vitalie Spinu and Kohske Takahashi and Davis Vaughan and Claus Wilke and Kara Woo and Hiroaki Yutani},
  year = {2019},
  journal = {Journal of Open Source Software},
  volume = {4},
  number = {43},
  pages = {1686},
  doi = {10.21105/joss.01686},
}
@Article{R-tinytex,
  title = {TinyTeX: A lightweight, cross-platform, and easy-to-maintain LaTeX distribution based on TeX Live},
  author = {Yihui Xie},
  journal = {TUGboat},
  year = {2019},
  volumne = {40},
  number = {1},
  pages = {30--32},
  url = {http://tug.org/TUGboat/Contents/contents40-1.html},
}
@Manual{R-xlsx,
  title = {xlsx: Read, Write, Format Excel 2007 and Excel 97/2000/XP/2003 Files},
  author = {Adrian Dragulescu and Cole Arendt},
  year = {2020},
  note = {R package version 0.6.3},
  url = {https://CRAN.R-project.org/package=xlsx},
}

@Manual{R-ggpubr,
  title = {ggpubr: 'ggplot2' Based Publication Ready Plots},
  author = {Alboukadel Kassambara},
  year = {2020},
  note = {R package version 0.4.0},
  url = {https://CRAN.R-project.org/package=ggpubr},
}
@Manual{R-rstatix,
  title = {rstatix: Pipe-Friendly Framework for Basic Statistical Tests},
  author = {Alboukadel Kassambara},
  year = {2020},
  note = {R package version 0.6.0},
  url = {https://CRAN.R-project.org/package=rstatix},
}
@Manual{R-devtools,
  title = {devtools: Tools to Make Developing R Packages Easier},
  author = {Hadley Wickham and Jim Hester and Winston Chang},
  year = {2020},
  note = {R package version 2.3.2},
  url = {https://CRAN.R-project.org/package=devtools},
}
@Manual{R-dplyr,
  title = {dplyr: A Grammar of Data Manipulation},
  author = {Hadley Wickham and Romain François and Lionel {
             Henry} and Kirill Müller},
  year = {2020},
  note = {R package version 1.0.2},
  url = {https://CRAN.R-project.org/package=dplyr},
}
@Manual{R-stringr,
  title = {stringr: Simple, Consistent Wrappers for Common String Operations},
  author = {Hadley Wickham},
  year = {2019},
  note = {R package version 1.4.0},
  url = {https://CRAN.R-project.org/package=stringr},
}
@Manual{R-tibble,
  title = {tibble: Simple Data Frames},
  author = {Kirill Müller and Hadley Wickham},
  year = {2020},
  note = {R package version 3.0.4},
  url = {https://CRAN.R-project.org/package=tibble},
}
@Manual{R-usethis,
  title = {usethis: Automate Package and Project Setup},
  author = {Hadley Wickham and Jennifer Bryan},
  year = {2020},
  note = {R package version 1.6.3},
  url = {https://CRAN.R-project.org/package=usethis},
}

@article{john1991,
  title = {Big Five Inventory},
  author = {Oliver P John and Eileen M Donahue and Robert L Kentle},
  journal = {Journal of Personality and Social Psychology},
  year = {1991}
}

@article{lynn1997,
  title={Gender differences in extraversion, neuroticism, and psychoticism in 37 nations},
  author={Lynn, Richard and Martin, Terence},
  journal={The Journal of social psychology},
  volume={137},
  number={3},
  pages={369--373},
  year={1997},
  publisher={Taylor \& Francis}
}

@article{weisberg2011,
  title={Gender differences in personality across the ten aspects of the Big Five},
  author={Weisberg, Yanna J and DeYoung, Colin G and Hirsh, Jacob B},
  journal={Frontiers in psychology},
  volume={2},
  pages={178},
  year={2011},
  publisher={Frontiers}
}

@article{li2015,
  title={Self-esteem, gender, and the relationship between extraversion and subjective well-being},
  author={Li, Yuan and Lan, Jijun and Ju, Chengting},
  journal={Social Behavior and Personality: an international journal},
  volume={43},
  number={8},
  pages={1243--1254},
  year={2015},
  publisher={Scientific Journal Publishers}
}

@article{goodwin2004,
  title={Gender differences in depression: the role of personality factors},
  author={Goodwin, Renee D and Gotlib, Ian H},
  journal={Psychiatry research},
  volume={126},
  number={2},
  pages={135--142},
  year={2004},
  publisher={Elsevier}
}

@article{silvia2010,
  title={Why are smart people curious? Fluid intelligence, openness to experience, and interest},
  author={Silvia, Paul J and Sanders, Camilla E},
  journal={Learning and Individual Differences},
  volume={20},
  number={3},
  pages={242--245},
  year={2010},
  publisher={Elsevier}
}

@article{costa2001,
  title={Gender differences in personality traits across cultures: robust and surprising findings.},
  author={Costa Jr, Paul T and Terracciano, Antonio and McCrae, Robert R},
  journal={Journal of personality and social psychology},
  volume={81},
  number={2},
  pages={322},
  year={2001},
  publisher={American Psychological Association}
}

@article{baer2008,
  title={Gender differences in creativity},
  author={Baer, John and Kaufman, James C},
  journal={The Journal of Creative Behavior},
  volume={42},
  number={2},
  pages={75--105},
  year={2008},
  publisher={Wiley Online Library}
}

@article{saewyc2017,
  title={A global perspective on gender roles and identity},
  author={Saewyc, Elizabeth},
  journal={Journal of Adolescent health},
  volume={61},
  number={4},
  pages={S1--S2},
  year={2017},
  publisher={Elsevier}
}
@Article{R-GPArotation,
  author = {Coen A. Bernaards and Robert I.Jennrich},
  year = {2005},
  title = {Gradient Projection Algorithms and Software for Arbitrary
             Rotation Criteria in Factor Analysis},
  journal = {Educational and Psychological Measurement},
  volume = {65},
  pages = {676--696},
}
@Manual{R-scales,
  title = {scales: Scale Functions for Visualization},
  author = {Hadley Wickham and Dana Seidel},
  year = {2020},
  note = {R package version 1.1.1},
  url = {https://CRAN.R-project.org/package=scales},
}
@Manual{R-digest,
  title = {digest: Create Compact Hash Digests of R Objects},
  author = {Dirk Eddelbuettel with contributions by Antoine Lucas and Jarek Tuszynski and Henrik Bengtsson and Simon Urbanek and Mario Frasca and Bryan Lewis and Murray Stokely and Hannes Muehleisen and Duncan Murdoch and Jim Hester and Wush Wu and Qiang Kou and Thierry Onkelinx and Michel Lang and Viliam Simko and Kurt Hornik and Radford Neal and Kendon Bell and Matthew {de Queljoe} and Ion Suruceanu and Bill Denney and Dirk Schumacher and and Winston Chang.},
  year = {2020},
  note = {R package version 0.6.27},
  url = {https://CRAN.R-project.org/package=digest},
}
@Manual{R-Lahman,
  title = {Lahman: Sean 'Lahman' Baseball Database},
  author = {Michael Friendly and Chris Dalzell and Martin Monkman and Dennis Murphy},
  year = {2020},
  note = {R package version 8.0-0},
  url = {https://CRAN.R-project.org/package=Lahman},
}
@Manual{R-kableExtra,
  title = {kableExtra: Construct Complex Table with 'kable' and Pipe Syntax},
  author = {Hao Zhu},
  year = {2020},
  note = {R package version 1.3.1},
  url = {https://CRAN.R-project.org/package=kableExtra},
}
